@article{proj,
  title={CELLULAR AUTOMATA: SEA SHELLS, LIFE, AND FOREST FIRES},
  author={A.H. Harker and David Bowler},
  year={2019},
  publisher={UCL, Department of Physics and Astronomy}
}
@misc{numpy,
  title = {NumPy v1.18 Manual},
  howpublished = {\url{https://numpy.org/doc/1.18/}},
  note = {Accessed: 2020 February/March}
}
@misc{matplot,
  title = {Matplotlib v3.2.1 Manual},
  howpublished = {\url{https://matplotlib.org/contents.html}},
  note = {Accessed: 2020 February/March}
}
@misc{labbook,
  title = {Cellular Automata Log Book},
  author={Frederico Wieser},
  note = {Accessed: 2020 March}
}
@misc{conway,
  title = {Game of Life},
  howpublished = {\url{http://www.scholarpedia.org/article/Game-of-Life}},
  note = {Accessed: 2020 March}
}
@misc{rule30,
  title = {Rule 30},
  howpublished = {\url{https://mathworld.wolfram.com/Rule30.html}},
  author={Eric Weisstein},
  note = {Accessed: 2020 March}
}
